@article{pathplanning,
title = {Real Time Path Planning of Robot using Deep Reinforcement Learning},
journal = {IFAC-PapersOnLine},
volume = {53},
number = {2},
pages = {15602-15607},
year = {2020},
note = {21st IFAC World Congress},
issn = {2405-8963},
%doi = {https://doi.org/10.1016/j.ifacol.2020.12.2494},
%url = {https://www.sciencedirect.com/science/article/pii/S2405896320332171},
author = {Jeevan Raajan and P V Srihari and Jayadev P Satya and B Bhikkaji and Ramkrishna Pasumarthy},
}

@misc{distributionally,
      title={Distributionally Robust Reinforcement Learning}, 
      author={Elena Smirnova and Elvis Dohmatob and Jérémie Mary},
      year={2019},
      eprint={1902.08708},
      archivePrefix={arXiv},
      primaryClass={stat.ML}
}

@article{RRT,
  author    = {Sertac Karaman and
               Emilio Frazzoli},
  title     = {Sampling-based Algorithms for Optimal Motion Planning},
  journal   = {CoRR},
  volume    = {abs/1105.1186},
  year      = {2011},
  url       = {http://arxiv.org/abs/1105.1186},
  eprinttype = {arXiv},
  eprint    = {1105.1186},
  timestamp = {Mon, 13 Aug 2018 16:49:16 +0200},
  biburl    = {https://dblp.org/rec/journals/corr/abs-1105-1186.bib},
  bibsource = {dblp computer science bibliography, https://dblp.org}
}